%% This BibTeX bibliography file was created using BibDesk.
%% http://bibdesk.sourceforge.net/


%% Created for Shamal Faily at 2016-08-16 11:25:52 +0100 


%% Saved with string encoding Unicode (UTF-8) 



@book{Corbin_Strauss,
	Author = {Corbin, Juliet M. and Strauss, Anselm L.},
	Date-Added = {2016-08-14 18:50:53 +0000},
	Date-Modified = {2016-08-16 09:22:11 +0000},
	Isbn = {9781412906449},
	Publisher = {Los Angeles, Calif. ; London : SAGE, c2008.},
	Title = {Basics of qualitative research : techniques and procedures for developing grounded theory.},
	Year = {2008}}

@article{Risk_Management2015,
	Abstract = {The pressure for increasing quality while reducing time and costs places particular emphasis on managing risk in projects. To this end, several models and techniques have been developed in literature and applied in practice, so that there is a strong need for clarifying when and how each of them should be used. At the same time, knowledge about risk management is becoming a matter of paramount importance to effectively deal with the complexity of projects. However, communication and knowledge creation are not easy tasks, especially when dealing with uncertainty, because decision-making is often fragmented and a comprehensive perspective on the goals, opportunities and threats of a project is missing. With the purpose of providing guidelines for the selection of risk techniques taking into account the most relevant aspects characterising the managerial and operational scenario of a project, a theoretical framework to classify these techniques is proposed. Based on a literature review o},
	Author = {Cagliano, Anna Corinna and Grimaldi, Sabrina and Rafele, Carlo},
	Date-Added = {2016-08-14 18:40:42 +0000},
	Date-Modified = {2016-08-16 09:21:08 +0000},
	Issn = {13669877},
	Journal = {Journal of Risk Research},
	Keywords = {RISK, MANAGEMENT, PROJECT management -- Risk assessment, RISK assessment, KNOWLEDGE management, LITERATURE reviews, corporate risk maturity, knowledge creation, project management, risk management, technique selection},
	Number = {2},
	Pages = {232 - 248},
	Title = {Choosing project risk management techniques. A theoretical framework.},
	Volume = {18},
	Year = {2015},
	Bdsk-File-1 = {YnBsaXN0MDDUAQIDBAUGJCVYJHZlcnNpb25YJG9iamVjdHNZJGFyY2hpdmVyVCR0b3ASAAGGoKgHCBMUFRYaIVUkbnVsbNMJCgsMDxJXTlMua2V5c1pOUy5vYmplY3RzViRjbGFzc6INDoACgAOiEBGABIAFgAdccmVsYXRpdmVQYXRoWWFsaWFzRGF0YV8QSi4uL0NJIEZyYW1ld29yayBDYXNlIFN0dWR5L0Nob29zaW5nIHByb2plY3QgcmlzayBtYW5hZ2VtZW50IHRlY2huaXF1ZXMucGRm0hcLGBlXTlMuZGF0YU8RAk4AAAAAAk4AAgAADE1hY2ludG9zaCBIRAAAAAAAAAAAAAAAAAAAANGyKNlIKwAAAFa6Ax9DaG9vc2luZyBwcm9qZWN0IHJpcyM1OEFDQ0MucGRmAAAAAAAAAAAAAAAAAAAAAAAAAAAAAAAAAAAAAAAAAAAAWKzM09ZpAgAAAAAAAAAAAAEAAgAACSAAAAAAAAAAAAAAAAAAAAAXQ0kgRnJhbWV3b3JrIENhc2UgU3R1ZHkAABAACAAA0bIayQAAABEACAAA09Za8gAAAAEAGABWugMAE3zmAA4oRwAJle8ACZXuAAKYOQACAGhNYWNpbnRvc2ggSEQ6VXNlcnM6AGphbmU6AERvY3VtZW50czoASmFuZToAUGhEOgBDSSBGcmFtZXdvcmsgQ2FzZSBTdHVkeToAQ2hvb3NpbmcgcHJvamVjdCByaXMjNThBQ0NDLnBkZgAOAGAALwBDAGgAbwBvAHMAaQBuAGcAIABwAHIAbwBqAGUAYwB0ACAAcgBpAHMAawAgAG0AYQBuAGEAZwBlAG0AZQBuAHQAIAB0AGUAYwBoAG4AaQBxAHUAZQBzAC4AcABkAGYADwAaAAwATQBhAGMAaQBuAHQAbwBzAGgAIABIAEQAEgBlVXNlcnMvamFuZS9Eb2N1bWVudHMvSmFuZS9QaEQvQ0kgRnJhbWV3b3JrIENhc2UgU3R1ZHkvQ2hvb3NpbmcgcHJvamVjdCByaXNrIG1hbmFnZW1lbnQgdGVjaG5pcXVlcy5wZGYAABMAAS8AABUAAgAL//8AAIAG0hscHR5aJGNsYXNzbmFtZVgkY2xhc3Nlc11OU011dGFibGVEYXRhox0fIFZOU0RhdGFYTlNPYmplY3TSGxwiI1xOU0RpY3Rpb25hcnmiIiBfEA9OU0tleWVkQXJjaGl2ZXLRJidUcm9vdIABAAgAEQAaACMALQAyADcAQABGAE0AVQBgAGcAagBsAG4AcQBzAHUAdwCEAI4A2wDgAOgDOgM8A0EDTANVA2MDZwNuA3cDfAOJA4wDngOhA6YAAAAAAAACAQAAAAAAAAAoAAAAAAAAAAAAAAAAAAADqA==}}

@conference{Barth2006184,
	Art_Number = {1624011},
	Author = {Barth, Adam and Anupam, Datta and Mitchell, John C. and Nissenbaum, Helen Fay},
	Date-Added = {2016-08-14 14:18:24 +0000},
	Date-Modified = {2016-08-14 14:18:24 +0000},
	Document_Type = {Conference Paper},
	Doi = {10.1109/SP.2006.32},
	Journal = {Proceedings - IEEE Symposium on Security and Privacy},
	Note = {cited By 0},
	Pages = {184-198},
	Source = {Scopus},
	Title = {Privacy and contextual integrity: Framework and applications},
	Volume = {2006},
	Year = {2006},
	Bdsk-File-1 = {YnBsaXN0MDDUAQIDBAUGJCVYJHZlcnNpb25YJG9iamVjdHNZJGFyY2hpdmVyVCR0b3ASAAGGoKgHCBMUFRYaIVUkbnVsbNMJCgsMDxJXTlMua2V5c1pOUy5vYmplY3RzViRjbGFzc6INDoACgAOiEBGABIAFgAdccmVsYXRpdmVQYXRoWWFsaWFzRGF0YV8QSy4uL0FydGljbGVzL1ByaXZhY3kgYW5kIENvbnRleHR1YWwgSW50ZWdyaXR5IEZyYW1ld29yayBhbmQgQXBwbGljYXRpb25zLnBkZtIXCxgZV05TLmRhdGFPEQJQAAAAAAJQAAIAAAxNYWNpbnRvc2ggSEQAAAAAAAAAAAAAAAAAAADRsijZSCsAAAATfOofUHJpdmFjeSBhbmQgQ29udGV4dHUjMTQyOURDLnBkZgAAAAAAAAAAAAAAAAAAAAAAAAAAAAAAAAAAAAAAAAAAABQp3NJJmYAAAAAAAAAAAAABAAIAAAkgAAAAAAAAAAAAAAAAAAAACEFydGljbGVzABAACAAA0bIayQAAABEACAAA0kmLcAAAAAEAGAATfOoAE3zmAA4oRwAJle8ACZXuAAKYOQACAFlNYWNpbnRvc2ggSEQ6VXNlcnM6AGphbmU6AERvY3VtZW50czoASmFuZToAUGhEOgBBcnRpY2xlczoAUHJpdmFjeSBhbmQgQ29udGV4dHUjMTQyOURDLnBkZgAADgCAAD8AUAByAGkAdgBhAGMAeQAgAGEAbgBkACAAQwBvAG4AdABlAHgAdAB1AGEAbAAgAEkAbgB0AGUAZwByAGkAdAB5ACAARgByAGEAbQBlAHcAbwByAGsAIABhAG4AZAAgAEEAcABwAGwAaQBjAGEAdABpAG8AbgBzAC4AcABkAGYADwAaAAwATQBhAGMAaQBuAHQAbwBzAGgAIABIAEQAEgBmVXNlcnMvamFuZS9Eb2N1bWVudHMvSmFuZS9QaEQvQXJ0aWNsZXMvUHJpdmFjeSBhbmQgQ29udGV4dHVhbCBJbnRlZ3JpdHkgRnJhbWV3b3JrIGFuZCBBcHBsaWNhdGlvbnMucGRmABMAAS8AABUAAgAL//8AAIAG0hscHR5aJGNsYXNzbmFtZVgkY2xhc3Nlc11OU011dGFibGVEYXRhox0fIFZOU0RhdGFYTlNPYmplY3TSGxwiI1xOU0RpY3Rpb25hcnmiIiBfEA9OU0tleWVkQXJjaGl2ZXLRJidUcm9vdIABAAgAEQAaACMALQAyADcAQABGAE0AVQBgAGcAagBsAG4AcQBzAHUAdwCEAI4A3ADhAOkDPQM/A0QDTwNYA2YDagNxA3oDfwOMA48DoQOkA6kAAAAAAAACAQAAAAAAAAAoAAAAAAAAAAAAAAAAAAADqw==},
	Bdsk-Url-1 = {http://www.scopus.com/inward/record.url?eid=2-s2.0-33751063543&partnerID=40&md5=6c74ab591d1a73a7e973f05a77b071e6},
	Bdsk-Url-2 = {http://dx.doi.org/10.1109/SP.2006.32}}

@article{Yin_Case_studies_and_org_in_1985,
	Author = {Robert K. Yin, Peter G. Bateman and Gwendoline B. Moore},
	Date-Added = {2016-08-14 10:43:39 +0000},
	Date-Modified = {2016-08-16 10:23:54 +0000},
	Journal = {Knowledge: Creation, Diffusion, Utilization},
	Month = {March},
	Number = {3},
	Pages = {249-260},
	Publisher = {Sage Publications Inc},
	Title = {Case Studies and Organizational Innovation: Strengthening the Connection},
	Volume = {6},
	Year = {1985},
	Bdsk-File-1 = {YnBsaXN0MDDUAQIDBAUGJCVYJHZlcnNpb25YJG9iamVjdHNZJGFyY2hpdmVyVCR0b3ASAAGGoKgHCBMUFRYaIVUkbnVsbNMJCgsMDxJXTlMua2V5c1pOUy5vYmplY3RzViRjbGFzc6INDoACgAOiEBGABIAFgAdccmVsYXRpdmVQYXRoWWFsaWFzRGF0YV8Qei4uLy4uLy4uLy4uL0xpYnJhcnkvTW9iaWxlIERvY3VtZW50cy9jb21+YXBwbGV+Q2xvdWREb2NzL0NJIENhc2UgU3R1ZHkvQ2FzZSBTdHVkaWVzIGFuZCBPcmcgSW5ub3ZhdGlvbi0xOTg1LVlpbi0yNDktNjAucGRm0hcLGBlXTlMuZGF0YU8RAnAAAAAAAnAAAgAADE1hY2ludG9zaCBIRAAAAAAAAAAAAAAAAAAAANGyKNlIKwAAAFhEDx9DYXNlIFN0dWRpZXMgYW5kIE9yZyM1ODdEMEMucGRmAAAAAAAAAAAAAAAAAAAAAAAAAAAAAAAAAAAAAAAAAAAAWH0M09YJMQAAAAAAAAAAAAQABQAACSAAAAAAAAAAAAAAAAAAAAANQ0kgQ2FzZSBTdHVkeQAAEAAIAADRshrJAAAAEQAIAADT1fshAAAAAQAYAFhEDwAaC0UAGgsdAAmV8wAJle4AApg5AAIAeE1hY2ludG9zaCBIRDpVc2VyczoAamFuZToATGlicmFyeToATW9iaWxlIERvY3VtZW50czoAY29tfmFwcGxlfkNsb3VkRG9jczoAQ0kgQ2FzZSBTdHVkeToAQ2FzZSBTdHVkaWVzIGFuZCBPcmcjNTg3RDBDLnBkZgAOAGgAMwBDAGEAcwBlACAAUwB0AHUAZABpAGUAcwAgAGEAbgBkACAATwByAGcAIABJAG4AbgBvAHYAYQB0AGkAbwBuAC0AMQA5ADgANQAtAFkAaQBuAC0AMgA0ADkALQA2ADAALgBwAGQAZgAPABoADABNAGEAYwBpAG4AdABvAHMAaAAgAEgARAASAHlVc2Vycy9qYW5lL0xpYnJhcnkvTW9iaWxlIERvY3VtZW50cy9jb21+YXBwbGV+Q2xvdWREb2NzL0NJIENhc2UgU3R1ZHkvQ2FzZSBTdHVkaWVzIGFuZCBPcmcgSW5ub3ZhdGlvbi0xOTg1LVlpbi0yNDktNjAucGRmAAATAAEvAAAVAAIAC///AACABtIbHB0eWiRjbGFzc25hbWVYJGNsYXNzZXNdTlNNdXRhYmxlRGF0YaMdHyBWTlNEYXRhWE5TT2JqZWN00hscIiNcTlNEaWN0aW9uYXJ5oiIgXxAPTlNLZXllZEFyY2hpdmVy0SYnVHJvb3SAAQAIABEAGgAjAC0AMgA3AEAARgBNAFUAYABnAGoAbABuAHEAcwB1AHcAhACOAQsBEAEYA4wDjgOTA54DpwO1A7kDwAPJA84D2wPeA/AD8wP4AAAAAAAAAgEAAAAAAAAAKAAAAAAAAAAAAAAAAAAAA/o=}}

@book{Yin_CS_Design2013,
	Author = {Yin, Robert K.},
	Date-Added = {2016-08-14 09:44:04 +0000},
	Date-Modified = {2016-08-14 09:44:22 +0000},
	Isbn = {9781452242569},
	Publisher = {Los Angeles, California : SAGE, 2013.},
	Title = {Case study research : design and methods.},
	Year = {2013}}

@article{Yin_CSCrisis1981,
	Abstract = {The article presents a reply to a case study about qualitative analysis, entitled "Qualitative Data as an Attractive Nuisance," by Matthew Miles, which appeared in the 1979 issue of "Administrative Science Quarterly." It is explained that the purpose of this reply is to reaffirm the role of the case study as a systematic research tool. The research found that people are likely to react adversely whenever they are confronted with individualized data, but are likely to be more tolerant when confronted with aggregate data.},
	Author = {Yin, Robert K.},
	Date-Added = {2016-08-14 09:07:19 +0000},
	Date-Modified = {2016-08-14 09:07:44 +0000},
	Issn = {00018392},
	Journal = {Administrative Science Quarterly},
	Keywords = {QUALITATIVE research, INFORMATION services, ATTRACTIVE nuisance, CASE method (Teaching), CASE studies, MILES, Matthew},
	Number = {1},
	Pages = {58 - 65},
	Title = {The Case Study Crisis: Some Answers.},
	Volume = {26},
	Year = {1981},
	Bdsk-File-1 = {YnBsaXN0MDDUAQIDBAUGJCVYJHZlcnNpb25YJG9iamVjdHNZJGFyY2hpdmVyVCR0b3ASAAGGoKgHCBMUFRYaIVUkbnVsbNMJCgsMDxJXTlMua2V5c1pOUy5vYmplY3RzViRjbGFzc6INDoACgAOiEBGABIAFgAdccmVsYXRpdmVQYXRoWWFsaWFzRGF0YV8QcS4uLy4uLy4uLy4uL0xpYnJhcnkvTW9iaWxlIERvY3VtZW50cy9jb21+YXBwbGV+Q2xvdWREb2NzL0NJIENhc2UgU3R1ZHkvQ2FzZSBTdHV5IENyaXNpcyBzb21lIGFuc3dlcnMgWWluIDE5ODEucGRm0hcLGBlXTlMuZGF0YU8RAlQAAAAAAlQAAgAADE1hY2ludG9zaCBIRAAAAAAAAAAAAAAAAAAAANGyKNlIKwAAAFhEDx9DYXNlIFN0dXkgQ3Jpc2lzIHNvbSM1ODY0NzMucGRmAAAAAAAAAAAAAAAAAAAAAAAAAAAAAAAAAAAAAAAAAAAAWGRz09XePAAAAAAAAAAAAAQABQAACSAAAAAAAAAAAAAAAAAAAAANQ0kgQ2FzZSBTdHVkeQAAEAAIAADRshrJAAAAEQAIAADT1dAsAAAAAQAYAFhEDwAaC0UAGgsdAAmV8wAJle4AApg5AAIAeE1hY2ludG9zaCBIRDpVc2VyczoAamFuZToATGlicmFyeToATW9iaWxlIERvY3VtZW50czoAY29tfmFwcGxlfkNsb3VkRG9jczoAQ0kgQ2FzZSBTdHVkeToAQ2FzZSBTdHV5IENyaXNpcyBzb20jNTg2NDczLnBkZgAOAFYAKgBDAGEAcwBlACAAUwB0AHUAeQAgAEMAcgBpAHMAaQBzACAAcwBvAG0AZQAgAGEAbgBzAHcAZQByAHMAIABZAGkAbgAgADEAOQA4ADEALgBwAGQAZgAPABoADABNAGEAYwBpAG4AdABvAHMAaAAgAEgARAASAHBVc2Vycy9qYW5lL0xpYnJhcnkvTW9iaWxlIERvY3VtZW50cy9jb21+YXBwbGV+Q2xvdWREb2NzL0NJIENhc2UgU3R1ZHkvQ2FzZSBTdHV5IENyaXNpcyBzb21lIGFuc3dlcnMgWWluIDE5ODEucGRmABMAAS8AABUAAgAL//8AAIAG0hscHR5aJGNsYXNzbmFtZVgkY2xhc3Nlc11OU011dGFibGVEYXRhox0fIFZOU0RhdGFYTlNPYmplY3TSGxwiI1xOU0RpY3Rpb25hcnmiIiBfEA9OU0tleWVkQXJjaGl2ZXLRJidUcm9vdIABAAgAEQAaACMALQAyADcAQABGAE0AVQBgAGcAagBsAG4AcQBzAHUAdwCEAI4BAgEHAQ8DZwNpA24DeQOCA5ADlAObA6QDqQO2A7kDywPOA9MAAAAAAAACAQAAAAAAAAAoAAAAAAAAAAAAAAAAAAAD1Q==}}

@incollection{Yin_CSMeth2012,
	Abstract = {Case study research continues to be poorly understood. In psychology, as in sociology, anthropology, political science, and epidemiology, the strengths and weaknesses of case study research---much less how to practice it well---still need clarification. (PsycINFO Database Record (c) 2015 APA, all rights reserved). (chapter)},
	Author = {Yin, Robert K.},
	Booktitle = {APA handbook of research methods in psychology, Vol 2: Research designs: Quantitative, qualitative, neuropsychological, and biological},
	Date-Added = {2016-08-14 09:05:41 +0000},
	Date-Modified = {2016-08-16 10:23:06 +0000},
	Isbn = {1-4338-1005-0},
	Pages = {141 - 155},
	Publisher = {American Psychological Association},
	Title = {Case study methods.},
	Year = {2012},
	Bdsk-File-1 = {YnBsaXN0MDDUAQIDBAUGJCVYJHZlcnNpb25YJG9iamVjdHNZJGFyY2hpdmVyVCR0b3ASAAGGoKgHCBMUFRYaIVUkbnVsbNMJCgsMDxJXTlMua2V5c1pOUy5vYmplY3RzViRjbGFzc6INDoACgAOiEBGABIAFgAdccmVsYXRpdmVQYXRoWWFsaWFzRGF0YV8QYS4uLy4uLy4uLy4uL0xpYnJhcnkvTW9iaWxlIERvY3VtZW50cy9jb21+YXBwbGV+Q2xvdWREb2NzL0NJIENhc2UgU3R1ZHkvWWluIENhc2UgU3R1ZHkgTWV0aG9kcy5wZGbSFwsYGVdOUy5kYXRhTxECIAAAAAACIAACAAAMTWFjaW50b3NoIEhEAAAAAAAAAAAAAAAAAAAA0bIo2UgrAAAAWEQPGllpbiBDYXNlIFN0dWR5IE1ldGhvZHMucGRmAAAAAAAAAAAAAAAAAAAAAAAAAAAAAAAAAAAAAAAAAAAAAAAAAABYZHDT1c6IAAAAAAAAAAAABAAFAAAJIAAAAAAAAAAAAAAAAAAAAA1DSSBDYXNlIFN0dWR5AAAQAAgAANGyGskAAAARAAgAANPVwHgAAAABABgAWEQPABoLRQAaCx0ACZXzAAmV7gACmDkAAgBzTWFjaW50b3NoIEhEOlVzZXJzOgBqYW5lOgBMaWJyYXJ5OgBNb2JpbGUgRG9jdW1lbnRzOgBjb21+YXBwbGV+Q2xvdWREb2NzOgBDSSBDYXNlIFN0dWR5OgBZaW4gQ2FzZSBTdHVkeSBNZXRob2RzLnBkZgAADgA2ABoAWQBpAG4AIABDAGEAcwBlACAAUwB0AHUAZAB5ACAATQBlAHQAaABvAGQAcwAuAHAAZABmAA8AGgAMAE0AYQBjAGkAbgB0AG8AcwBoACAASABEABIAYFVzZXJzL2phbmUvTGlicmFyeS9Nb2JpbGUgRG9jdW1lbnRzL2NvbX5hcHBsZX5DbG91ZERvY3MvQ0kgQ2FzZSBTdHVkeS9ZaW4gQ2FzZSBTdHVkeSBNZXRob2RzLnBkZgATAAEvAAAVAAIAC///AACABtIbHB0eWiRjbGFzc25hbWVYJGNsYXNzZXNdTlNNdXRhYmxlRGF0YaMdHyBWTlNEYXRhWE5TT2JqZWN00hscIiNcTlNEaWN0aW9uYXJ5oiIgXxAPTlNLZXllZEFyY2hpdmVy0SYnVHJvb3SAAQAIABEAGgAjAC0AMgA3AEAARgBNAFUAYABnAGoAbABuAHEAcwB1AHcAhACOAPIA9wD/AyMDJQMqAzUDPgNMA1ADVwNgA2UDcgN1A4cDigOPAAAAAAAAAgEAAAAAAAAAKAAAAAAAAAAAAAAAAAAAA5E=}}

@book{Case_Study_Gagnon2010,
	Abstract = {Translation of: L'{\'e}tude de cas comme m{\'e}thode de recherche.},
	Author = {Gagnon, Yves-Chantal},
	Date-Added = {2016-08-14 08:52:21 +0000},
	Date-Modified = {2016-08-14 09:03:32 +0000},
	Isbn = {9782760524552},
	Publisher = {Les Presses de l'Universit{\'e} du Qu{\'e}bec},
	Title = {The Case Study As Research Method : A Practical Handbook.},
	Year = {2010},
	Bdsk-File-1 = {YnBsaXN0MDDUAQIDBAUGJCVYJHZlcnNpb25YJG9iamVjdHNZJGFyY2hpdmVyVCR0b3ASAAGGoKgHCBMUFRYaIVUkbnVsbNMJCgsMDxJXTlMua2V5c1pOUy5vYmplY3RzViRjbGFzc6INDoACgAOiEBGABIAFgAdccmVsYXRpdmVQYXRoWWFsaWFzRGF0YV8Qcy4uLy4uLy4uLy4uL0xpYnJhcnkvTW9iaWxlIERvY3VtZW50cy9jb21+YXBwbGV+Q2xvdWREb2NzL0NJIENhc2UgU3R1ZHkvVGhlIENhc2UgU3R1ZHkgYXMgUmVzZWFyY2ggTWV0aG9kX0dhZ25vbjIwMTDSFwsYGVdOUy5kYXRhTxECWgAAAAACWgACAAEMTWFjaW50b3NoIEhEAAAAAAAAAAAAAAAAAAAA0bIo2UgrAAAAWEQPH1RoZSBDYXNlIFN0dWR5IGFzIFJlc2VhciM1ODY4ODIAAAAAAAAAAAAAAAAAAAAAAAAAAAAAAAAAAAAAAAAAAABYaILT1fBEAAAAAAAAAAAABAAFAAAJIAAAAAAAAAAAAAAAAAAAAA1DSSBDYXNlIFN0dWR5AAAQAAgAANGyGskAAAARAAgAANPV4jQAAAABABgAWEQPABoLRQAaCx0ACZXzAAmV7gACmDkAAgB4TWFjaW50b3NoIEhEOlVzZXJzOgBqYW5lOgBMaWJyYXJ5OgBNb2JpbGUgRG9jdW1lbnRzOgBjb21+YXBwbGV+Q2xvdWREb2NzOgBDSSBDYXNlIFN0dWR5OgBUaGUgQ2FzZSBTdHVkeSBhcyBSZXNlYXIjNTg2ODgyAA4AWgAsAFQAaABlACAAQwBhAHMAZQAgAFMAdAB1AGQAeQAgAGEAcwAgAFIAZQBzAGUAYQByAGMAaAAgAE0AZQB0AGgAbwBkAF8ARwBhAGcAbgBvAG4AMgAwADEAMAAPABoADABNAGEAYwBpAG4AdABvAHMAaAAgAEgARAASAHJVc2Vycy9qYW5lL0xpYnJhcnkvTW9iaWxlIERvY3VtZW50cy9jb21+YXBwbGV+Q2xvdWREb2NzL0NJIENhc2UgU3R1ZHkvVGhlIENhc2UgU3R1ZHkgYXMgUmVzZWFyY2ggTWV0aG9kX0dhZ25vbjIwMTAAEwABLwAAFQACAAv//wAAgAbSGxwdHlokY2xhc3NuYW1lWCRjbGFzc2VzXU5TTXV0YWJsZURhdGGjHR8gVk5TRGF0YVhOU09iamVjdNIbHCIjXE5TRGljdGlvbmFyeaIiIF8QD05TS2V5ZWRBcmNoaXZlctEmJ1Ryb290gAEACAARABoAIwAtADIANwBAAEYATQBVAGAAZwBqAGwAbgBxAHMAdQB3AIQAjgEEAQkBEQNvA3EDdgOBA4oDmAOcA6MDrAOxA74DwQPTA9YD2wAAAAAAAAIBAAAAAAAAACgAAAAAAAAAAAAAAAAAAAPd}}

@article{Thomson_et_al_2005,
	Abstract = {Anonymization--the removal of identifying information from data--is one way of preparing data for secondary use. This process has not received much attention from scholars, but close examination shows that it is full of methodological, ethical and theoretical tensions. Qualitative research focuses on how people live and act in very particular, situated contexts. Removing identifying information also, inevitably, removes contextual information that has potential value to the researcher. We propose to present a case study of working with anonymized data on the research project, Knowledge Utilization and Policy Implementation, a five-year program funded by the Canadian Institutes of Health Research. This project involves the secondary use of qualitative data sets from multiple separate research projects across Canada. Based on this case study, we provide useful recommenddations that address some of the central questions of anonymization and consider the strengths and weaknesses of the an},
	Author = {Thomson, Denise and Bzdel, Lana and Golden-Biddle, Karen and Reay, Trish and Estabrooks, Carole A.},
	Date-Added = {2016-08-13 13:44:45 +0000},
	Date-Modified = {2016-08-13 13:44:45 +0000},
	Issn = {14385627},
	Journal = {Forum: Qualitative Social Research},
	Keywords = {QUALITATIVE research, RESEARCH, METHODOLOGY, CASE studies, CANADA, collaborative research, confidentiality, ethical practice, privacy},
	Number = {1},
	Pages = {1 - 16},
	Title = {Central Questions of Anonymization: A Case Study of Secondary Use of Qualitative Data.},
	Volume = {6},
	Year = {2005},
	Bdsk-File-1 = {YnBsaXN0MDDUAQIDBAUGJCVYJHZlcnNpb25YJG9iamVjdHNZJGFyY2hpdmVyVCR0b3ASAAGGoKgHCBMUFRYaIVUkbnVsbNMJCgsMDxJXTlMua2V5c1pOUy5vYmplY3RzViRjbGFzc6INDoACgAOiEBGABIAFgAdccmVsYXRpdmVQYXRoWWFsaWFzRGF0YV8QeC4uL0FydGljbGVzL0RhdGFiYXNlIG1hbmFnZW1lbnQvQ2VudHJhbCBRdWVzdGlvbnMgb2YgYW5vbnltaXNhdGlvbiBhIGNhc2Ugc3R1ZHkgb2Ygc2Vjb25kYXJ5IHVzZSBvZiBxdWFsaXRhdGl2ZSBkYXRhLnBkZtIXCxgZV05TLmRhdGFPEQLUAAAAAALUAAIAAAxNYWNpbnRvc2ggSEQAAAAAAAAAAAAAAAAAAADRsijZSCsAAABXRRMfQ2VudHJhbCBRdWVzdGlvbnMgb2YjNTc5N0UwLnBkZgAAAAAAAAAAAAAAAAAAAAAAAAAAAAAAAAAAAAAAAAAAAFeX4NPUm24AAAAAAAAAAAABAAMAAAkgAAAAAAAAAAAAAAAAAAAAE0RhdGFiYXNlIG1hbmFnZW1lbnQAABAACAAA0bIayQAAABEACAAA09SNXgAAAAEAHABXRRMAE3zqABN85gAOKEcACZXvAAmV7gACmDkAAgBuTWFjaW50b3NoIEhEOlVzZXJzOgBqYW5lOgBEb2N1bWVudHM6AEphbmU6AFBoRDoAQXJ0aWNsZXM6AERhdGFiYXNlIG1hbmFnZW1lbnQ6AENlbnRyYWwgUXVlc3Rpb25zIG9mIzU3OTdFMC5wZGYADgCyAFgAQwBlAG4AdAByAGEAbAAgAFEAdQBlAHMAdABpAG8AbgBzACAAbwBmACAAYQBuAG8AbgB5AG0AaQBzAGEAdABpAG8AbgAgAGEAIABjAGEAcwBlACAAcwB0AHUAZAB5ACAAbwBmACAAcwBlAGMAbwBuAGQAYQByAHkAIAB1AHMAZQAgAG8AZgAgAHEAdQBhAGwAaQB0AGEAdABpAHYAZQAgAGQAYQB0AGEALgBwAGQAZgAPABoADABNAGEAYwBpAG4AdABvAHMAaAAgAEgARAASAJNVc2Vycy9qYW5lL0RvY3VtZW50cy9KYW5lL1BoRC9BcnRpY2xlcy9EYXRhYmFzZSBtYW5hZ2VtZW50L0NlbnRyYWwgUXVlc3Rpb25zIG9mIGFub255bWlzYXRpb24gYSBjYXNlIHN0dWR5IG9mIHNlY29uZGFyeSB1c2Ugb2YgcXVhbGl0YXRpdmUgZGF0YS5wZGYAABMAAS8AABUAAgAL//8AAIAG0hscHR5aJGNsYXNzbmFtZVgkY2xhc3Nlc11OU011dGFibGVEYXRhox0fIFZOU0RhdGFYTlNPYmplY3TSGxwiI1xOU0RpY3Rpb25hcnmiIiBfEA9OU0tleWVkQXJjaGl2ZXLRJidUcm9vdIABAAgAEQAaACMALQAyADcAQABGAE0AVQBgAGcAagBsAG4AcQBzAHUAdwCEAI4BCQEOARYD7gPwA/UEAAQJBBcEGwQiBCsEMAQ9BEAEUgRVBFoAAAAAAAACAQAAAAAAAAAoAAAAAAAAAAAAAAAAAAAEXA==}}

@article{Fung_et_al_2010,
	Abstract = {The collection of digital information by governments, corporations, and individuals has created tremendous opportunities for knowledge- and information-based decision making. Driven by mutual benefits, or by regulations that require certain data to be published, there is a demand for the exchange and publication of data among various parties. Data in its original form, however, typically contains sensitive information about individuals, and publishing such data will violate individual privacy. The current practice in data publishing relies mainly on policies and guidelines as to what types of data can be published and on agreements on the use of published data. This approach alone may lead to excessive data distortion or insufficient protection. Privacy-preserving data publishing (PPDP) provides methods and tools for publishing useful information while preserving data privacy. Recently, PPDP has received considerable attention in research communities, and many approaches have been pro},
	Author = {Fung, Benjamin C. M. and Ke, Wang and Rui, Chen and Yu, Philip S.},
	Date-Added = {2016-08-13 13:43:14 +0000},
	Date-Modified = {2016-08-13 13:43:14 +0000},
	Issn = {03600300},
	Journal = {ACM Computing Surveys},
	Number = {4},
	Pages = {14:1 - 14:53},
	Title = {Privacy Preserving Data Publishing: A Survey of Recent Developments.},
	Volume = {42},
	Year = {2010},
	Bdsk-File-1 = {YnBsaXN0MDDUAQIDBAUGJCVYJHZlcnNpb25YJG9iamVjdHNZJGFyY2hpdmVyVCR0b3ASAAGGoKgHCBMUFRYaIVUkbnVsbNMJCgsMDxJXTlMua2V5c1pOUy5vYmplY3RzViRjbGFzc6INDoACgAOiEBGABIAFgAdccmVsYXRpdmVQYXRoWWFsaWFzRGF0YV8QYy4uL0FydGljbGVzL1JlaWRlbnRpZmljYXRpb24vcHJpdmFjeS1wcmVzZXJ2aW5nIGRhdGEgcHVibGlzaGluZyBhIHN1cnZleSBvZiByZWNlbnQgZGV2ZWxvcG1lbnRzLnBkZtIXCxgZV05TLmRhdGFPEQKUAAAAAAKUAAIAAAxNYWNpbnRvc2ggSEQAAAAAAAAAAAAAAAAAAADRsijZSCsAAAAqbhEfcHJpdmFjeS1wcmVzZXJ2aW5nIGRhI0Y0QUNGLnBkZgAAAAAAAAAAAAAAAAAAAAAAAAAAAAAAAAAAAAAAAAAAAA9Kz8/pgbwAAAAAAAAAAAABAAMAAAkgAAAAAAAAAAAAAAAAAAAAEFJlaWRlbnRpZmljYXRpb24AEAAIAADRshrJAAAAEQAIAADP6XOsAAAAAQAcACpuEQATfOoAE3zmAA4oRwAJle8ACZXuAAKYOQACAGtNYWNpbnRvc2ggSEQ6VXNlcnM6AGphbmU6AERvY3VtZW50czoASmFuZToAUGhEOgBBcnRpY2xlczoAUmVpZGVudGlmaWNhdGlvbjoAcHJpdmFjeS1wcmVzZXJ2aW5nIGRhI0Y0QUNGLnBkZgAADgCOAEYAcAByAGkAdgBhAGMAeQAtAHAAcgBlAHMAZQByAHYAaQBuAGcAIABkAGEAdABhACAAcAB1AGIAbABpAHMAaABpAG4AZwAgAGEAIABzAHUAcgB2AGUAeQAgAG8AZgAgAHIAZQBjAGUAbgB0ACAAZABlAHYAZQBsAG8AcABtAGUAbgB0AHMALgBwAGQAZgAPABoADABNAGEAYwBpAG4AdABvAHMAaAAgAEgARAASAH5Vc2Vycy9qYW5lL0RvY3VtZW50cy9KYW5lL1BoRC9BcnRpY2xlcy9SZWlkZW50aWZpY2F0aW9uL3ByaXZhY3ktcHJlc2VydmluZyBkYXRhIHB1Ymxpc2hpbmcgYSBzdXJ2ZXkgb2YgcmVjZW50IGRldmVsb3BtZW50cy5wZGYAEwABLwAAFQACAAv//wAAgAbSGxwdHlokY2xhc3NuYW1lWCRjbGFzc2VzXU5TTXV0YWJsZURhdGGjHR8gVk5TRGF0YVhOU09iamVjdNIbHCIjXE5TRGljdGlvbmFyeaIiIF8QD05TS2V5ZWRBcmNoaXZlctEmJ1Ryb290gAEACAARABoAIwAtADIANwBAAEYATQBVAGAAZwBqAGwAbgBxAHMAdQB3AIQAjgD0APkBAQOZA5sDoAOrA7QDwgPGA80D1gPbA+gD6wP9BAAEBQAAAAAAAAIBAAAAAAAAACgAAAAAAAAAAAAAAAAAAAQH},
	Bdsk-Url-1 = {http://search.ebscohost.com/login.aspx?direct=true&db=bth&AN=51974602&site=eds-live&scope=site}}

@article{Chen:1976:EMU:320434.320440,
	Acmid = {320440},
	Address = {New York, NY, USA},
	Author = {Chen, Peter Pin-Shan},
	Date-Added = {2016-08-13 13:43:11 +0000},
	Date-Modified = {2016-08-13 13:43:11 +0000},
	Doi = {10.1145/320434.320440},
	Issn = {0362-5915},
	Issue_Date = {March 1976},
	Journal = {ACM Trans. Database Syst.},
	Keywords = {Data Base Task Group, data definition and manipulation, data integrity and consistency, data models, database design, entity set model, entity-relationship model, logigcal view of data, network model, relational model, semantics of data},
	Month = mar,
	Number = {1},
	Numpages = {28},
	Pages = {9--36},
	Publisher = {ACM},
	Title = {The Entity-relationship Model Toward a Unified View of Data},
	Url = {http://doi.acm.org.libezproxy.bournemouth.ac.uk/10.1145/320434.320440},
	Volume = {1},
	Year = {1976},
	Bdsk-File-1 = {YnBsaXN0MDDUAQIDBAUGJCVYJHZlcnNpb25YJG9iamVjdHNZJGFyY2hpdmVyVCR0b3ASAAGGoKgHCBMUFRYaIVUkbnVsbNMJCgsMDxJXTlMua2V5c1pOUy5vYmplY3RzViRjbGFzc6INDoACgAOiEBGABIAFgAdccmVsYXRpdmVQYXRoWWFsaWFzRGF0YV8QYi4uL0FydGljbGVzL0RhdGFiYXNlIG1hbmFnZW1lbnQvVGhlIGVudGl0eS1yZWxhdGlvbnNoaXAgbW9kZWwgLSB0b3dhcmRzIGEgdW5pZmllZCB2aWV3IG9mIGRhdGEucGRm0hcLGBlXTlMuZGF0YU8RApIAAAAAApIAAgAADE1hY2ludG9zaCBIRAAAAAAAAAAAAAAAAAAAANGyKNlIKwAAAFdFEx9UaGUgZW50aXR5LXJlbGF0aW9ucyM1NzQ0RjYucGRmAAAAAAAAAAAAAAAAAAAAAAAAAAAAAAAAAAAAAAAAAAAAV0T209SOlQAAAAAAAAAAAAEAAwAACSAAAAAAAAAAAAAAAAAAAAATRGF0YWJhc2UgbWFuYWdlbWVudAAAEAAIAADRshrJAAAAEQAIAADT1ICFAAAAAQAcAFdFEwATfOoAE3zmAA4oRwAJle8ACZXuAAKYOQACAG5NYWNpbnRvc2ggSEQ6VXNlcnM6AGphbmU6AERvY3VtZW50czoASmFuZToAUGhEOgBBcnRpY2xlczoARGF0YWJhc2UgbWFuYWdlbWVudDoAVGhlIGVudGl0eS1yZWxhdGlvbnMjNTc0NEY2LnBkZgAOAIYAQgBUAGgAZQAgAGUAbgB0AGkAdAB5AC0AcgBlAGwAYQB0AGkAbwBuAHMAaABpAHAAIABtAG8AZABlAGwAIAAtACAAdABvAHcAYQByAGQAcwAgAGEAIAB1AG4AaQBmAGkAZQBkACAAdgBpAGUAdwAgAG8AZgAgAGQAYQB0AGEALgBwAGQAZgAPABoADABNAGEAYwBpAG4AdABvAHMAaAAgAEgARAASAH1Vc2Vycy9qYW5lL0RvY3VtZW50cy9KYW5lL1BoRC9BcnRpY2xlcy9EYXRhYmFzZSBtYW5hZ2VtZW50L1RoZSBlbnRpdHktcmVsYXRpb25zaGlwIG1vZGVsIC0gdG93YXJkcyBhIHVuaWZpZWQgdmlldyBvZiBkYXRhLnBkZgAAEwABLwAAFQACAAv//wAAgAbSGxwdHlokY2xhc3NuYW1lWCRjbGFzc2VzXU5TTXV0YWJsZURhdGGjHR8gVk5TRGF0YVhOU09iamVjdNIbHCIjXE5TRGljdGlvbmFyeaIiIF8QD05TS2V5ZWRBcmNoaXZlctEmJ1Ryb290gAEACAARABoAIwAtADIANwBAAEYATQBVAGAAZwBqAGwAbgBxAHMAdQB3AIQAjgDzAPgBAAOWA5gDnQOoA7EDvwPDA8oD0wPYA+UD6AP6A/0EAgAAAAAAAAIBAAAAAAAAACgAAAAAAAAAAAAAAAAAAAQE},
	Bdsk-Url-1 = {http://doi.acm.org.libezproxy.bournemouth.ac.uk/10.1145/320434.320440},
	Bdsk-Url-2 = {http://dx.doi.org/10.1145/320434.320440}}

@article{LegalStatusofPC,
	Author = {Friedmann, W.},
	Date-Added = {2016-08-13 13:42:11 +0000},
	Date-Modified = {2016-08-13 13:42:11 +0000},
	Issn = {00239186},
	Journal = {Law and Contemporary Problems},
	Number = {4},
	Pages = {576},
	Title = {The Legal Status and Organization of the Public Corporation.},
	Year = {1951},
	Bdsk-File-1 = {YnBsaXN0MDDUAQIDBAUGJCVYJHZlcnNpb25YJG9iamVjdHNZJGFyY2hpdmVyVCR0b3ASAAGGoKgHCBMUFRYaIVUkbnVsbNMJCgsMDxJXTlMua2V5c1pOUy5vYmplY3RzViRjbGFzc6INDoACgAOiEBGABIAFgAdccmVsYXRpdmVQYXRoWWFsaWFzRGF0YV8QVy4uL0FydGljbGVzL0xlZ2lzbGF0aW9uL1RoZSBMZWdhbCBTdGF0dXMgYW5kIE9yZ2FuaXphdGlvbiBvZiB0aGUgUHVibGljIENvcnBvcmF0aW9uLnBkZtIXCxgZV05TLmRhdGFPEQJwAAAAAAJwAAIAAAxNYWNpbnRvc2ggSEQAAAAAAAAAAAAAAAAAAADRsijZSCsAAABWQ2IfVGhlIExlZ2FsIFN0YXR1cyBhbmQjNTY2NjVELnBkZgAAAAAAAAAAAAAAAAAAAAAAAAAAAAAAAAAAAAAAAAAAAFZmXdPOM0kAAAAAAAAAAAABAAMAAAkgAAAAAAAAAAAAAAAAAAAAC0xlZ2lzbGF0aW9uAAAQAAgAANGyGskAAAARAAgAANPOJTkAAAABABwAVkNiABN86gATfOYADihHAAmV7wAJle4AApg5AAIAZk1hY2ludG9zaCBIRDpVc2VyczoAamFuZToARG9jdW1lbnRzOgBKYW5lOgBQaEQ6AEFydGljbGVzOgBMZWdpc2xhdGlvbjoAVGhlIExlZ2FsIFN0YXR1cyBhbmQjNTY2NjVELnBkZgAOAIAAPwBUAGgAZQAgAEwAZQBnAGEAbAAgAFMAdABhAHQAdQBzACAAYQBuAGQAIABPAHIAZwBhAG4AaQB6AGEAdABpAG8AbgAgAG8AZgAgAHQAaABlACAAUAB1AGIAbABpAGMAIABDAG8AcgBwAG8AcgBhAHQAaQBvAG4ALgBwAGQAZgAPABoADABNAGEAYwBpAG4AdABvAHMAaAAgAEgARAASAHJVc2Vycy9qYW5lL0RvY3VtZW50cy9KYW5lL1BoRC9BcnRpY2xlcy9MZWdpc2xhdGlvbi9UaGUgTGVnYWwgU3RhdHVzIGFuZCBPcmdhbml6YXRpb24gb2YgdGhlIFB1YmxpYyBDb3Jwb3JhdGlvbi5wZGYAEwABLwAAFQACAAv//wAAgAbSGxwdHlokY2xhc3NuYW1lWCRjbGFzc2VzXU5TTXV0YWJsZURhdGGjHR8gVk5TRGF0YVhOU09iamVjdNIbHCIjXE5TRGljdGlvbmFyeaIiIF8QD05TS2V5ZWRBcmNoaXZlctEmJ1Ryb290gAEACAARABoAIwAtADIANwBAAEYATQBVAGAAZwBqAGwAbgBxAHMAdQB3AIQAjgDoAO0A9QNpA2sDcAN7A4QDkgOWA50DpgOrA7gDuwPNA9AD1QAAAAAAAAIBAAAAAAAAACgAAAAAAAAAAAAAAAAAAAPX},
	Bdsk-Url-1 = {http://search.ebscohost.com/login.aspx?direct=true&db=edsjsr&AN=edsjsr.10.2307.1189977&site=eds-live&scope=site}}

@book{Nissenbaum_2010,
	Abstract = {Privacy is one of the most urgent issues associated with information technology and digital media. This book claims that what people really care about when they complain and protest that privacy has been violated is not the act of sharing information itself---most people understand that this is crucial to social life ---but the inappropriate, improper sharing of information. Arguing that privacy concerns should not be limited solely to concern about control over personal information, Helen Nissenbaum counters that information ought to be distributed and protected according to norms governing distinct social contexts---whether it be workplace, health care, schools, or among family and friends. She warns that basic distinctions between public and private, informing many current privacy policies, in fact obscure more than they clarify. In truth, contemporary information systems should alarm us only when they function without regard for social norms and values, and thereby weaken the fabric of },
	Address = {Stanford: California},
	Author = {Nissenbaum, Helen Fay},
	Date-Added = {2016-08-13 12:52:50 +0000},
	Date-Modified = {2016-08-13 12:53:02 +0000},
	Isbn = {9780804752374},
	Publisher = {Stanford Law Books},
	Title = {Privacy in Context: Technology, Policy, and the Integrity of Social Life.},
	Year = {2010}}

@article{Haley:SecurityRequirementsEngineering,
	Author = {Haley,C. B. and Laney,R. and Moffett,J. D. and Nuseibeh,B.},
	Journal = {IEEE Transactions on Software Engineering},
	Number = {1},
	Pages = {133-153},
	Title = {Security requirements engineering: A framework for representation and analysis},
	Volume = {34},
	Year = {2008}}

@misc{UbuntuSecurity,
	Author = {Ubuntu},
	Note = {Available From: https://help.ubuntu.com/community/Security [Accessed: 2015-05-01]},
	Title = {Ubuntu Security},
	Year = {2012}}

@inproceedings{faily2011eliciting,
	Author = {Faily, Shamal and Fl{\'e}chais, Ivan},
	Booktitle = {Requirements Engineering Conference (RE), 2011 19th IEEE International},
	Organization = {IEEE},
	Pages = {339--340},
	Title = {Eliciting usable security requirements with misusability cases},
	Year = {2011}}
